
@article{aras_jress_2025,
	title = {[{Under} {Review}] {A} {Systematic} {Diagnostics} and {Enhancement} {Framework} for {Advancing} {Probabilistic} {Risk} {Assessment} {Tools}},
	language = {en},
	journal = {Nuclear Technology},
	author = {Aras, Egemen M. and Earthperson, Arjun and Diaconeasa, Mihai A.},
	year = {2025},
	keywords = {article},
}

@article{aras_nt_2025,
	title = {[{Under} {Review}] {Enhancement} {Assessment} {Framework} for {Probabilistic} {Risk} {Assessment} {Tools}},
	url = {https://track.authorhub.elsevier.com/?uuid=b73387f1-b117-4cb0-a9a7-4985a80ab0ba},
	language = {en},
	number = {JRESS-D-25-00180},
	urldate = {2025-04-28},
	journal = {Reliability Engineering \& System Safety},
	author = {Aras, Egemen M. and Earthperson, Arjun and Diaconeasa, Mihai A.},
	year = {2025},
	keywords = {article},
}

@article{aras_critical_2021,
	title = {A {Critical} {Look} at the {Need} for {Performing} {Multi}-{Hazard} {Probabilistic} {Risk} {Assessment} for {Nuclear} {Power} {Plants}},
	volume = {2},
	copyright = {https://creativecommons.org/licenses/by/4.0/},
	issn = {2673-4117},
	url = {https://www.mdpi.com/2673-4117/2/4/28},
	doi = {10.3390/eng2040028},
	language = {en},
	number = {4},
	urldate = {2025-04-28},
	journal = {Eng},
	author = {Aras, Egemen M. and Diaconeasa, Mihai A.},
	month = oct,
	year = {2021},
	keywords = {article},
	pages = {454--467},
}
