
@misc{aras_generic_2024,
	title = {Generic {Pressurized} {Water} {Reactor} ({PWR}) {SAPHSOLVE} {Model}},
	copyright = {Creative Commons Attribution 4.0 International},
	url = {https://zenodo.org/doi/10.5281/zenodo.13996959},
	urldate = {2025-04-28},
	publisher = {Zenodo},
	author = {Aras, Egemen and Earthperson, Arjun and Diaconeasa, Mihai},
	collaborator = {Aras, Egemen and Earthperson, Arjun and Diaconeasa, Mihai},
	month = oct,
	year = {2024},
	doi = {10.5281/ZENODO.13996959},
	note = {Language: en},
	keywords = {benchmarking, dataset, probabilistic risk assessment, quantification engine, saphire, saphsolve, verificiation},
}

@misc{aras_synthetic_2024,
	title = {Synthetic {SAPHSOLVE} {Models}},
	copyright = {Creative Commons Attribution 4.0 International},
	url = {https://zenodo.org/doi/10.5281/zenodo.13996735},
	urldate = {2025-04-28},
	publisher = {Zenodo},
	author = {Aras, Egemen and Earthperson, Arjun and Diaconeasa, Mihai},
	collaborator = {Aras, Egemen and Earthperson, Arjun and Diaconeasa, Mihai},
	month = oct,
	year = {2024},
	doi = {10.5281/ZENODO.13996735},
	note = {Language: en},
	keywords = {benchmarking, dataset, probabilistic risk assessment, quantification engine, saphire, saphsolve, verification},
}

@misc{aras_synthetic_2024-1,
	title = {Synthetic {Open}-{PSA} {Models}},
	copyright = {Creative Commons Attribution 4.0 International},
	url = {https://zenodo.org/doi/10.5281/zenodo.13996370},
	urldate = {2025-04-28},
	publisher = {Zenodo},
	author = {Aras, Egemen and Earthperson, Arjun and Diaconeasa, Mihai},
	collaborator = {Aras, Egemen and Earthperson, Arjun and Diaconeasa, Mihai},
	month = oct,
	year = {2024},
	doi = {10.5281/ZENODO.13996370},
	note = {Language: en},
	keywords = {benchmarking, dataset, model development, probabilistic risk assessment, probabilistic risk assessment tool, quantification engine, verification},
}

@misc{aras_generic_2024-1,
	title = {Generic {Pressurized} {Water} {Reactor} ({PWR}) {Open}-{PSA} {Model}},
	copyright = {Creative Commons Attribution 4.0 International},
	url = {https://zenodo.org/doi/10.5281/zenodo.14070453},
	urldate = {2025-04-28},
	publisher = {Zenodo},
	author = {Aras, Egemen and Earthperson, Arjun and Diaconeasa, Mihai},
	collaborator = {Aras, Egemen and Earthperson, Arjun and Diaconeasa, Mihai},
	month = nov,
	year = {2024},
	doi = {10.5281/ZENODO.14070453},
	keywords = {benchmarking, dataset, open-psa, probabilistic risk assessment, quantification engine, saphire, verification},
}

@misc{earthperson_dataset_2023,
	title = {Dataset: {Benchmarking} {SAPHIRE}, {SCRAM} and {XFTA} using {Synthetically} {Generated} {Fault} {Trees} with {Common} {Cause} {Failures}},
	copyright = {Creative Commons Attribution 4.0 International},
	shorttitle = {Dataset},
	url = {https://zenodo.org/doi/10.5281/zenodo.7706615},
	doi = {10.5281/ZENODO.7706615},
	abstract = {Dataset},
	language = {en},
	urldate = {2025-04-28},
	publisher = {Zenodo},
	author = {Earthperson, Arjun and Asmaa S Farag and Aras, Egemen and Diaconeasa, Mihai},
	month = mar,
	year = {2023},
	keywords = {dataset, Fault Tree, OpenPRA, OpenPSA, SAPHIRE, SCRAM, XFTA},
}

@misc{earthperson_generic_2021,
	title = {Generic {OpenPSA} {Models}: {The} {Aralia} {Fault} {Tree} {Dataset}},
	copyright = {Creative Commons Attribution 4.0 International},
	shorttitle = {Generic {OpenPSA} {Models}},
	url = {https://zenodo.org/doi/10.5281/zenodo.15293416},
	doi = {10.5281/ZENODO.15293416},
	urldate = {2025-04-28},
	publisher = {Zenodo},
	author = {Earthperson, Arjun and Aras, Egemen and Salem Farag, Asmaa and Rashiq, Hasibul H and Diaconeasa, Mihai and {OpenPRA}},
	year = {2021},
	keywords = {dataset, Event Trees, Fault Trees, OpenPRA, OpenPSA, PRA, Reliability},
}
