
@misc{openpra_initiative_openpra_2024,
	title = {{OpenPRA} {Monorepo}},
	copyright = {MIT License},
	url = {https://zenodo.org/doi/10.5281/zenodo.10891407},
	abstract = {No description provided.},
	urldate = {2025-04-28},
	publisher = {Zenodo},
	author = {{OpenPRA Initiative}},
	month = mar,
	year = {2024},
	doi = {10.5281/ZENODO.10891407},
	keywords = {software},
}

@misc{earthperson_pra_2025,
	title = {{PRA} {Model} {Benchmark} {Tools}},
	copyright = {GNU Affero General Public License v3.0 or later},
	url = {https://zenodo.org/doi/10.5281/zenodo.15297777},
	abstract = {Instrumentation for automating PRA model benchmarks using benchexec in Docker.},
	urldate = {2025-04-28},
	publisher = {Zenodo},
	author = {Earthperson, Arjun and Rasheeq, Hasibul H and Aras, Egemen and Salem Farag, Asmaa and Diaconeasa, Mihai and {OpenPRA}},
	month = apr,
	year = {2025},
	doi = {10.5281/ZENODO.15297777},
	keywords = {software},
}

@misc{earthperson_canopy_2025,
	title = {Canopy {Benchmarks}},
	copyright = {GNU Affero General Public License v3.0 or later},
	url = {https://zenodo.org/doi/10.5281/zenodo.15298728},
	abstract = {scripts, inputs and for benchmark results for canopy.},
	urldate = {2025-04-28},
	publisher = {Zenodo},
	author = {Earthperson, Arjun and Diaconeasa, Mihai and {OpenPRA}},
	month = mar,
	year = {2025},
	doi = {10.5281/ZENODO.15298728},
	keywords = {software},
}

@misc{earthperson_pracciolini_2024,
	title = {pracciolini - {PRA} {Model} {Translator}},
	copyright = {MIT License},
	url = {https://zenodo.org/doi/10.5281/zenodo.15298515},
	abstract = {Python utility for translating between multiple PRA model formats.},
	urldate = {2025-04-28},
	publisher = {Zenodo},
	author = {Earthperson, Arjun and Diaconeasa, Mihai and {OpenPRA}},
	month = jul,
	year = {2024},
	doi = {10.5281/ZENODO.15298515},
	keywords = {software},
}

@misc{earthperson_pra_2022,
	title = {{PRA} {Model} {Generator}},
	copyright = {GNU Affero General Public License v3.0 or later},
	url = {https://zenodo.org/doi/10.5281/zenodo.15297976},
	abstract = {This repository includes Probabilistic Risk Assessment (PRA) model generation source code, schema for different model format, and additional scripts to automate model generation.},
	urldate = {2025-04-28},
	publisher = {Zenodo},
	author = {Earthperson, Arjun and Aras, Egemen and Salem Farag, Asmaa and Rasheeq, Hasibul and Diaconeasa, Mihai and {OpenPRA}},
	month = jun,
	year = {2022},
	doi = {10.5281/ZENODO.15297976},
	keywords = {software},
}

@misc{earthperson_pra_2024,
	title = {{PRA} {Model} {Schema} {Definitions}},
	copyright = {MIT License},
	url = {https://zenodo.org/doi/10.5281/zenodo.15298269},
	abstract = {Schema definitions for OpenPRA supported model exchange formats.},
	urldate = {2025-04-28},
	publisher = {Zenodo},
	author = {Earthperson, Arjun and Aras, Egemen and Batikh, Akram and Salem Farag, Asmaa and Rasheeq, Hasibul and Boyce, Jordan and Wood, Stephen T and Diaconeasa, Mihai and {OpenPRA}},
	month = oct,
	year = {2024},
	doi = {10.5281/ZENODO.15298269},
	keywords = {software},
}

@misc{batikh_multi_2023,
	title = {Multi {Hazard} {PRA} {Model} {Generator}},
	copyright = {MIT License},
	url = {https://zenodo.org/doi/10.5281/zenodo.15298045},
	abstract = {OpenPRA Multi-Hazard PRA Model Generator is a command-line based generator written in Python, capable of generating multi-hazard event trees and fault trees from internal events PRA models.},
	urldate = {2025-04-28},
	publisher = {Zenodo},
	author = {Batikh, Akram and Diaconeasa, Mihai and {OpenPRA}},
	collaborator = {Earthperson, Arjun},
	month = oct,
	year = {2023},
	doi = {10.5281/ZENODO.15298045},
	keywords = {software},
}
