
@phdthesis{aras_dissertation_2024,
	address = {Raleigh, North Carolina},
	type = {{PhD}},
	title = {Enhancement {Methodology} for {Probabilistic} {Risk} {Assessment} {Tools} through {Diagnostics}, {Optimization}, and {Parallel} {Computing}},
	url = {https://catalog.lib.ncsu.edu/catalog/NCSU5937498},
	language = {English},
	school = {North Carolina State University},
	author = {Aras, Egemen Mutlu},
	year = {2024},
	keywords = {North Carolina State University -- Theses -- Nuclear Engineering, thesis, dissertation},
}

@phdthesis{earthperson_dissertation_2025,
	address = {Raleigh, North Carolina},
	type = {{PhD}},
	title = {[{Working} {Title}] {A} {Data}-{Parallel} {Monte} {Carlo} {Framework} for {Large}-{Scale} {PRA} using {Probabilistic} {Circuits}},
	language = {English},
	school = {North Carolina State University},
	author = {Earthperson, Arjun},
	year = {2025},
	keywords = {North Carolina State University -- Theses -- Nuclear Engineering, thesis, dissertation},
}

@mastersthesis{rasheeq_thesis_2025,
	address = {Raleigh, North Carolina},
	title = {[{Working} {Title}] {Design} and {Implementation} of a {Distributed} {Queueing} {System} for {PRA} {Quantification}},
	language = {English},
	school = {North Carolina State University},
	author = {Rasheeq, Hasibul H},
	year = {2025},
	keywords = {North Carolina State University -- Theses -- Nuclear Engineering, ms\_thesis, thesis},
}

@mastersthesis{farag_thesis_2023,
	address = {Raleigh, North Carolina},
	title = {Benchmarking {Study} of {Probabilistic} {Risk} {Assessment} {Tools} {Using} {Synthetically} {Generated} {Fault} {Tree} {Models} : {SAPHSOLVE}, {XFTA}, and {SCRAM}},
	url = {https://catalog.lib.ncsu.edu/catalog/NCSU5630439},
	language = {English},
	school = {North Carolina State University},
	author = {Farag, Asmaa Salem Amin Aly},
	year = {2023},
	keywords = {North Carolina State University -- Theses -- Nuclear Engineering, ms\_thesis, thesis},
}
