@article{kaplan_quantitative_1981,
	title = {On {The} {Quantitative} {Definition} of {Risk}},
	volume = {1},
	issn = {0272-4332, 1539-6924},
	url = {https://onlinelibrary.wiley.com/doi/10.1111/j.1539-6924.1981.tb01350.x},
	doi = {10.1111/j.1539-6924.1981.tb01350.x},
	language = {en},
	number = {1},
	urldate = {2022-10-16},
	journal = {Risk Analysis},
	author = {Kaplan, Stanley and Garrick, B. John},
	month = mar,
	year = {1981},
	keywords = {risk, probability, Baye's theorem, decision, uncertainty},
	pages = {11--27},
}


@inproceedings{opensource_fta_tools,
	address = {Montreal, QC, Canada},
	title = {Free and open source fault tree analysis tools survey},
	isbn = {978-1-5090-4623-2},
	url = {http://ieeexplore.ieee.org/document/7934794/},
	doi = {10.1109/SYSCON.2017.7934794},
	urldate = {2025-04-29},
	booktitle = {2017 {Annual} {IEEE} {International} {Systems} {Conference} ({SysCon})},
	publisher = {IEEE},
	author = {Baklouti, Anis and Nguyen, Nga and Choley, Jean-Yves and Mhenni, Faida and Mlika, Abdelfattah},
	month = apr,
	year = {2017},
	pages = {1--8},
	
}


@inproceedings{diaconeasa_branching_2018,
	address = {Trondheim, Norway},
	title = {Branching rules and quantification based on human behavior in the {ADS}-{IDAC} dynamic {PRA} platform},
	language = {en},
	booktitle = {Proceedings of the {European} {Society} for {Reliability} {Annual} {Meeting}},
	author = {Diaconeasa, Mihai A and Mosleh, Ali},
	year = {2018},
	pages = {7},
	
}

@inproceedings{diaconeasa_ads-idac_2017,
	address = {Pittsburgh, PA},
	title = {The {ADS}-{IDAC} {Dynamic} {PSA} {Platform} with {Dynamically} {Linked} {System} {Fault} {Trees}},
	language = {en},
	booktitle = {American {Nuclear} {Society} {Probabilistic} {Safety} {Assessment}},
	author = {Diaconeasa, Mihai A and Mosleh, Ali},
	year = {2017},
	pages = {7},
	
}



@book{garrick_quantifying_2008,
	title = {Quantifying and {Controlling} {Catastrophic} {Risks}},
	isbn = {978-0-08-092345-1},
	language = {en},
	publisher = {Academic Press},
	author = {Garrick, B. John},
	month = oct,
	year = {2008},
	keywords = {Nature / Natural Disasters, Science / Environmental Science, Technology \& Engineering / Civil / General, Technology \& Engineering / Environmental / General},
	
}


@book{vesely_prep_1970,
	title = {Prep and {Kitt}: {Computer} {Codes} for the {Automatic} {Evaluation} of a {Fault} {Tree}},
	shorttitle = {Prep and {Kitt}},
	language = {en},
	publisher = {U.S. Atomic Energy Commission},
	author = {Vesely, W. E. and Narum, R. E.},
	year = {1970},
}

@techreport{micsup,
	title = {Computerized {Fault} {Tree} {Analysis}: {TREEL} and {MICSUP}.},
	shorttitle = {Computerized {Fault} {Tree} {Analysis}},
	url = {https://apps.dtic.mil/sti/citations/ADA010146},
	language = {en},
	urldate = {2022-11-20},
	note = {Section: Technical Reports},
	
}

@misc{vesely_prep_1997,
	title = {{PREP} {KITT}, {System} {Reliability} by {Fault} {Tree} {Analysis}. {PREP}, {Min} {Path} {Set} and {Min} {Cut} {Set} for {Fault} {Tree} {Analysis}, {Monte}-{Carlo} {Method}. {KITT}, {Component} and {System} {Reliability} {Information} from {Kinetic} {Fault} {Tree} {Theory}},
	author = {Vesely, W E,  and Narum, R E},
	month = mar,
	year = {1997},
}


@inproceedings{derisk1,
	address = {London, England},
	title = {Design and {Development} of {DeRisk}: {A} {Fault} {Tree} {Analysis} {Program} {Package}},
	isbn = {978-0-7918-5144-9},
	shorttitle = {Design and {Development} of {DeRisk}},
	url = {https://asmedigitalcollection.asme.org/ICONE/proceedings/ICONE26/51449/London,%20England/273329},
	doi = {10.1115/ICONE26-81291},
	language = {en},
	urldate = {2022-02-11},
	booktitle = {Volume 2: {Plant} {Systems}, {Structures}, {Components}, and {Materials}; {Risk} {Assessments} and {Management}},
	publisher = {American Society of Mechanical Engineers},
	author = {Zhou, Zhenxu and Nie, Hao and Zhang, Qin},
	month = jul,
	year = {2018},
	pages = {V002T14A008},
	
}


@article{qras,
	title = {{QRAS}—the quantitative risk assessment system},
	volume = {91},
	issn = {09518320},
	url = {https://linkinghub.elsevier.com/retrieve/pii/S0951832005000463},
	doi = {10.1016/j.ress.2005.01.008},
	language = {en},
	number = {3},
	urldate = {2022-10-04},
	journal = {Reliability Engineering \& System Safety},
	author = {Groen, Frank J. and Smidts, Carol and Mosleh, Ali},
	month = mar,
	year = {2006},
	pages = {292--304},
	
}

@misc{palisade1,
	title = {Techniques and {Tips} - {Palisade} {Knowledge} {Base}},
	url = {https://kb.palisade.com/index.php},
	urldate = {2025-04-17},
    author = {Palisade/Lumivero},
	
}

@misc{palisade12,
	title = {@{RISK} {\textbar} {Best} {Risk} {Software} in {Excel}},
	url = {https://lumivero.com/products/at-risk/},
    author = {Palisade/Lumivero},
	
	language = {en-US},
	urldate = {2025-04-17},
	journal = {Lumivero},
	
}


@phdthesis{hcl_method,
	type = {{PhD}},
	title = {Hybrid {Causal} {Logic} {Methodology} for {Risk} {Assessment}},
	url = {http://drum.lib.umd.edu/handle/1903/7729},
	language = {en},
	urldate = {2019-01-20},
	school = {University of Maryland},
	author = {Wang, Chengdong},
	month = nov,
	year = {2007},
}

@article{trilith,
	title = {Hybrid causal methodology and software platform for probabilistic risk assessment and safety monitoring of socio-technical systems},
	volume = {95},
	issn = {09518320},
	url = {https://linkinghub.elsevier.com/retrieve/pii/S0951832010001390},
	doi = {10.1016/j.ress.2010.06.005},
	language = {en},
	number = {12},
	urldate = {2023-07-31},
	journal = {Reliability Engineering \& System Safety},
	author = {Groth, Katrina and Wang, Chengdong and Mosleh, Ali},
	month = dec,
	year = {2010},
	pages = {1276--1285},
	
}

@article{riska1,
	title = {Development of reliability and probabilistic safety assessment program {RiskA}},
	volume = {83},
	issn = {03064549},
	url = {https://linkinghub.elsevier.com/retrieve/pii/S030645491500153X},
	doi = {10.1016/j.anucene.2015.03.020},
	language = {en},
	urldate = {2025-04-16},
	journal = {Annals of Nuclear Energy},
	author = {Wu, Yican},
	month = sep,
	year = {2015},
	pages = {316--321},
}

@misc{hcla_cmd,
	title = {{HCLA} Hybrid Causal Logic Analyzer - Command Line},
	url = {https://www.risksciences.ucla.edu/hcla},
	language = {en-US},
	author = {The B. John Garrick Institute for the Risk Sciences},
}

@misc{hcla_web,
	title = {{HCLA} Hybrid Causal Logic Analyzer - Web},
	url = {https://www.apps.risksciences.ucla.edu/hcla},
	language = {en-US},
	author = {The B. John Garrick Institute for the Risk Sciences},
}


@article{ruijters_fault_2015,
	title = {Fault tree analysis: {A} survey of the state-of-the-art in modeling, analysis and tools},
	volume = {15-16},
	issn = {1574-0137},
	url = {https://www.sciencedirect.com/science/article/pii/S1574013715000027},
	doi = {10.1016/j.cosrev.2015.03.001},
	journal = {Computer Science Review},
	author = {Ruijters, Enno and Stoelinga, Mariëlle},
	month = feb,
	year = {2015},
	keywords = {Reliability, Fault trees, Risk analysis, Dependability evaluation, Dynamic Fault Trees, Graphical models},
	pages = {29--62},
	
}


@inproceedings{Aras2022Benchmark,
	note = {[Online; accessed 2023-02-11]},
	address = {Columbus, Ohio, USA},
	author = {Aras, Egemen M. and Farag, Asmaa S. and Earthperson, Arjun and Diaconeasa, Mihai A.},
	booktitle = {Volume 9: Mechanics of {Solids}, {Structures}, and {Fluids}; {Micro}- and {Nano}-{Systems} {Engineering} and {Packaging}; {Safety} {Engineering}, {Risk}, and {Reliability} {Analysis}; {Research} {Posters}},
	doi = {10.1115/IMECE2022-95783},
	isbn = {978-0-7918-8671-7},
	year = {2022},
	month = {oct 30},
	pages = {V009T14A016},
	organization = {American Society of Mechanical Engineers},
	title = {Benchmark {Study} of {XFTA} and {SCRAM} {Fault} {Tree} {Solvers} {Using} {Synthetically} {Generated} {Fault} {Trees} {Models}},
	url = {https://asmedigitalcollection.asme.org/IMECE/proceedings/IMECE2022/86717/V009T14A016/1157443},
}
@inproceedings{Aras2023Methodology,
	address = {Knoxville, TN},
	author = {Aras, Egemen M and Farag, Asmaa S and Earthperson, Arjun and Diaconeasa, Mihai A},
	booktitle = {18th {International} {Probabilistic} {Safety} {Assessment} and {Analysis} ({PSA} 2023)},
	year = {2023},
	pages = {452--459},
	organization = {American Nuclear Society},
	title = {Methodology and {Demonstration} for {Performance} {Analysis} of a {Probabilistic} {Risk} {Assessment} {Quantification} {Engine}: SCRAM},
}
@inproceedings{Aras2023Method,
	address = {Knoxville, TN},
	author = {Aras, Egemen M and Farag, Asmaa S and Earthperson, Arjun and Diaconeasa, Mihai A},
	booktitle = {18th {International} {Probabilistic} {Safety} {Assessment} and {Analysis} ({PSA} 2023)},
	year = {2023},
	pages = {134--140},
	organization = {American Nuclear Society},
	title = {Method of {Developing} a {SCRAM} {Parallel} {Engine} for {Efficient} {Quantification} of {Probabilistic} {Risk} {Assessment} {Models}},
}
@inproceedings{Earthperson2023Introducing,
	address = {New Orleans, Louisiana, USA},
	author = {Earthperson, Arjun and Aras, Egemen M and Farag, Asmaa S and Diaconeasa, Mihai A},
	booktitle = {Proceedings of the {ASME} 2023},
	year = {2023},
	month = {oct 29},
	title = {Introducing {OpenPRA}: A {Web}-{Based} {Framework} for {Collaborative} {Probabilistic} {Risk} {Assessment}},
}
@inproceedings{Farag2024Evaluating,
	note = {[Online; accessed 2024-09-27]},
	address = {Las Vegas, NV},
	author = {Farag, Asmaa and Wood, S. and Earthperson, Arjun and Aras, Egemen and Boyce, Jordan and Diaconeasa, Mihai},
	booktitle = {Advanced {Reactor} {Safety} ({ARS})},
	doi = {10.13182/T130-43377},
	isbn = {978-0-89448-215-1},
	year = {2024},
	pages = {573--582},
	organization = {American Nuclear Society},
	title = {Evaluating {PRA} {Tools} for {Accurate} and {Efficient} {Quantifications}: A {Follow}-{Up} {Benchmarking} {Study} {Including} {FTREX}},
	url = {https://www.ans.org/pubs/proceedings/article-56467/},
}
@inproceedings{Aras2024Introducing,
	note = {[Online; accessed 2024-09-27]},
	address = {Las Vegas, NV},
	author = {Aras, Egemen and Earthperson, Arjun and Rasheeq, Hasibul and Farag, Asmaa and Wood, Stephen and Boyce, Jordan and Diaconeasa, Mihai},
	booktitle = {Advanced {Reactor} {Safety} ({ARS})},
	doi = {10.13182/T130-43362},
	isbn = {978-0-89448-215-1},
	year = {2024},
	pages = {552--561},
	organization = {American Nuclear Society},
	title = {Introducing {OpenPRA}'s {Quantification} {Engine}: Exploring {Capabilities}, {Recognizing} {Limitations}, and {Charting} the {Path} to {Enhancement}},
	url = {https://www.ans.org/pubs/proceedings/article-56465/},
}
@inproceedings{Aras2024Enhancing,
	note = {[Online; accessed 2024-09-27]},
	address = {Las Vegas, NV},
	author = {Aras, Egemen and Wood, Stephen and Boyce, Jordan and Farag, Asmaa and Diaconeasa, Mihai},
	booktitle = {Advanced {Reactor} {Safety} ({ARS})},
	doi = {10.13182/T130-43361},
	isbn = {978-0-89448-215-1},
	year = {2024},
	pages = {542--551},
	organization = {American Nuclear Society},
	title = {Enhancing the {SAPHIRE} {Solve} {Engine}: Initial {Progress} and {Efforts}},
	url = {https://www.ans.org/pubs/proceedings/article-56464/},
}
@inproceedings{Wood2024Advancing,
	note = {[Online; accessed 2024-09-27]},
	address = {Las Vegas, NV},
	author = {Wood, Stephen and Boyce, Jordan and Aras, Egemen and Farag, Asmaa and Diaconeasa, Mihai},
	booktitle = {Advanced {Reactor} {Safety} ({ARS})},
	doi = {10.13182/T130-43357},
	isbn = {978-0-89448-215-1},
	year = {2024},
	pages = {532--541},
	organization = {American Nuclear Society},
	title = {Advancing {SAPHIRE}: Transitioning from {Legacy} to {State}-of-{Art} {Excellence}},
	url = {https://www.ans.org/pubs/proceedings/article-56463/},
}
@inproceedings{Earthperson2024Towards,
	note = {[Online; accessed 2024-09-27]},
	address = {Las Vegas, NV},
	author = {Earthperson, Arjun and Aras, Egemen and Farag, Asmaa and Diaconeasa, Mihai},
	booktitle = {Advanced {Reactor} {Safety} ({ARS})},
	doi = {10.13182/T130-43397},
	isbn = {978-0-89448-215-1},
	year = {2024},
	pages = {400--409},
	organization = {American Nuclear Society},
	title = {Towards a {Deep}-{Learning} based {Heuristic} for {Optimal} {Variable} {Ordering} in {Binary} {Decision} {Diagrams} to {Support} {Fault} {Tree} {Analysis}},
	url = {https://www.ans.org/pubs/proceedings/article-56450/},
}
@article{Aras2021Critical,
	author = {Aras, Egemen M and Diaconeasa, Mihai A},
	journal = {Eng},
	year = {2021},
	pages = {454--467},
	title = {A {Critical} {Look} at the {Need} for {Performing} {Multi}-{Hazard} {Probabilistic} {Risk} {Assessment} for {Nuclear} {Power} {Plants}},
	volume = {2},
}
@techreport{Aras2023Refining,
	author = {Aras, Egemen Mutlu and Amin Aly Farag, Asmaa Salem and Wood, Stephen Ted and Boyce, Jordan Thomas},
	year = {2023},
	month = {oct 17},
	note = {DOI: 10.2172/2203095},
	number = {INL/RPT-23-75066-Rev000},
	institution = {Idaho National Laboratory (INL), Idaho Falls, ID (United States)},
	title = {Refining {Processing} {Engines} from {SAPHIRE}: Initialization of {Fault} {Tree}/{Event} {Tree} {Solver}},
	url = {https://www.osti.gov/biblio/2203095},
}
@misc{Farag2023Benchmarking,
	address = {Raleigh, North Carolina},
	author = {Farag, Asmaa Salem},
	year = {2023},
	school = {North Carolina State University},
	title = {Benchmarking {Study} of {Probabilistic} {Risk} {Assessment} {Tools} {Using} {Synthetically} {Generated} {Fault} {Tree} {Models}: SAPHSOLVE, {XFTA}, and {SCRAM}},
}
@misc{Aras2024Enhancement,
	address = {Raleigh, North Carolina},
	author = {Aras, Egemen Mutlu},
	year = {2024},
	month = {may 9},
	school = {North Carolina State University},
	title = {Enhancement {Methodology} for {Probabilistic} {Risk} {Assessment} {Tools} through {Diagnostics}, {Optimization}, and {Parallel} {Computing}},
	type = {Doctor of {Philosophy}},
	url = {https://repository.lib.ncsu.edu/items/bb05f7f5-1cff-4beb-9312-331bc94b0b95},
}
@techreport{Vesely1970PREP,
	address = {Idaho},
	author = {Vesely, W.E. and Narum, R.E.},
	year = {1970},
	number = {IN-1349},
	institution = {Idaho Nuclear Corporation},
	title = {PREP and {KITT} {Computer} {Codes} for the {Automatic} {Evaluation} of a {Fault} {Tree}},
}
@techreport{Fussell1974MOCUS,
	author = {Fussell, J.B. and Henry, E.B. and Marshall, N.H.},
	year = {1974},
	month = {8},
	note = {DOI: 10.2172/4267950},
	number = {ANCR--1156, 4267950},
	pages = {ANCR---1156, 4267950},
	title = {MOCUS: a computer program to obtain minimal sets from fault trees},
	url = {http://www.osti.gov/servlets/purl/4267950/},
	howpublished = {http://www.osti.gov/servlets/purl/4267950/},
}
@article{module,
	author = {Hoon Han, Sang and Woon Kim, Tae and Joong Yoo, Kun},
	journal = {Reliability Engineering \& System Safety},
	doi = {10.1016/0951-8320(88)90052-X},
	issn = {09518320},
	number = {2},
	year = {1988},
	month = {1},
	pages = {145--154},
	title = {Development of an integrated fault tree analysis computer code {MODULE} by modularization technique},
	volume = {21},
}
@article{sigpi,
	author = {Laboratory, Lawrence Livermore National},
	pages = {73},
    year = {1988},
	title = {SIGPI:A {USER}'{S} {MANUAL} {FOR} {FAST} {COMPUTATION} {OF} {THE} {PROBABILISTIC} {PERFORMANCE} {OF} {COMPLEX} {SYSTEMS}.},
}
@book{cafta1,
	address = {Germany},
	author = {Koren, J.M. and Gaertner, J.},
	isbn = {3-88585-417-1},
	year = {1987},
	publisher = {Verl TUEV Rheinland},
	title = {CAFTA: A fault tree analysis tool designed for {PSA}},
	url = {http://inis.iaea.org/search/search.aspx?orig_q=RN:20061750},
}
@misc{cafta2,
	note = {[Online; accessed 2023-03-20]},
	title = {CAFTA {Software} {Technology} {PackageV} 10 - {Phoenix} {Architect}},
	url = {https://polestartechnicalservices.com/cafta-software/},
	howpublished = {https://polestartechnicalservices.com/cafta-software/},
}
@techreport{saphire1,
	address = {Idaho Falls, ID},
	year = {2011},
	note = {DOI: 10.2172/130641},
	number = {NUREG/CR-7039},
	institution = {Idaho National Lab. (INL)},
	title = {Systems {Analysis} {Programs} for {Hands}-on {Integrated} {Reliability} {Evaluations} ({SAPHIRE}) {Version} 8, {Volume} 1: Overview and {Summary}.},
}
@article{irras1,
	author = {Russell, K.D. and Sattison, M.B. and Rasmuson, D.M.},
	journal = {Reliability Engineering \& System Safety},
	doi = {10.1016/0951-8320(90)90097-7},
	issn = {09518320},
	number = {1-3},
	year = {1990},
	month = {1},
	pages = {239--269},
	title = {Living {PRAs} made easier with {IRRAS}},
	volume = {30},
}
@article{irras2,
	author = {Russell, Kenneth D. and Rasmuson, Dale M.},
	journal = {Reliability Engineering \& System Safety},
	doi = {10.1016/0951-8320(93)90105-8},
	issn = {09518320},
	number = {2},
	year = {1993},
	month = {1},
	pages = {149--164},
	title = {Fault tree reduction and quantification---an overview of {IRRAS} algorithms},
	volume = {40},
}
@article{riskman1,
	author = {Wakefield, Mr Donald and Epstein, Mr Steven and Xiong, Dr Yongjie and Nouri, Mr Kamyar},
	pages = {10},
	title = {RISKMAN\textregistered{}, {Celebrating} 20+ {Years} of {Excellence}!},
}
@techreport{riskman2,
	address = {{Operational Risk and Performance Consulting Division, 300 Commerce Drive 200, Irvine, CA, 92602}},
	author = {Wakefield, Donald},
	series = {Example {Applications} of {Analytical} {Tools} for {Airline} {Flight} {Safety}},
	year = {2004},
	month = {9},
	pages = {10},
	institution = {ABS Consulting, Inc.},
	title = {Example {Application} of {RISKMAN}\textregistered{}},
	url = {https://flightsafety.org/wp-content/uploads/2016/09/RISKMAN_application.pdf},
}
@article{kirap,
	author = {Han, S H and Kim, T W and Jeong, K S},
	pages = {10},
	title = {PC {Workstation}-{Based} {Level} 1 {PRA} {Code} {Package} {KIRAP}},
}
@inproceedings{riskspectrum1,
	note = {[Online; accessed 2022-05-04]},
	address = {Amman, Jordan},
	author = {{Manorma}},
	booktitle = {2010 1st {International} {Nuclear} \& {Renewable} {Energy} {Conference} ({INREC})},
	doi = {10.1109/INREC.2010.5462562},
	isbn = {978-1-4244-5213-2},
	year = {2010},
	month = {3},
	pages = {1--6},
	organization = {IEEE},
	title = {RiskSpectrum: Emerging software for {Nuclear} {Power} {Industry}},
	url = {http://ieeexplore.ieee.org/document/5462562/},
}
@book{xfta1,
	author = {Rauzy, Antoine B.},
	isbn = {978-82-692273-0-7},
	year = {2020},
	publisher = {ALTARICA ASSOCIATION},
	title = {Probabilistic {Safety} {Analysis} with {XFTA}},
}
@misc{scram,
	author = {Rakhimov, Olzhas},
	year = {2022},
	month = {4},
	note = {original-date: 2014-03-21T01:19:49Z},
	title = {SCRAM},
	type = {C++},
	url = {10.5281/zenodo.1146337},
	howpublished = {10.5281/zenodo.1146337},
}
@inproceedings{derisk2,
	note = {[Online; accessed 2022-02-11]},
	address = {London, England},
	author = {Zhou, Zhenxu and Nie, Hao and Zhang, Qin},
	booktitle = {Volume 2: Plant {Systems}, {Structures}, {Components}, and {Materials}; {Risk} {Assessments} and {Management}},
	doi = {10.1115/ICONE26-81291},
	isbn = {978-0-7918-5144-9},
	year = {2018},
	month = {7},
	pages = {V002T14A008},
	organization = {American Society of Mechanical Engineers},
	title = {Design and {Development} of {DeRisk}: A {Fault} {Tree} {Analysis} {Program} {Package}},
	url = {https://asmedigitalcollection.asme.org/ICONE/proceedings/ICONE26/51449/London,%20England/273329},
}
@techreport{Miller2020R,
	author = {Miller, Andrew and Hess, Stephen and Smith, Curtis},
	year = {2020},
	number = {INL/EXT-20-59202},
	pages = {32},
	title = {R\&{D} {Roadmap} to {Enhance} {Industry} {Legacy} {Probabilistic} {Risk} {Assessment} {Methods} and {Tools}},
}
@misc{2017OpenPSAMEF,
	editor = {Steven, Epstein and Antoine, Rauzy},
	year = {2017},
	title = {Open-{PSA} {Model} {Exchange} {Format}},
}
@misc{JSON,
	note = {[Online; accessed 2024-02-05]},
	title = {JSON},
	url = {https://www.json.org/json-en.html},
	howpublished = {https://www.json.org/json-en.html},
}
@misc{Aras2024Synthetic,
	author = {Aras, Egemen and Earthperson, Arjun and Diaconeasa, Mihai},
	year = {2024},
	month = {10},
	note = {DOI: 10.5281/zenodo.13996736},
	publisher = {Zenodo},
	title = {Synthetic {SAPHSOLVE} {Models}},
	url = {https://doi.org/10.5281/zenodo.13996736},
}
@misc{ncsu_ne_prag,
	note = {[Online; accessed 2023-04-30]},
	title = {Probabilistic {Risk} {Assessment} {Group}},
	url = {https://www.ne.ncsu.edu/prag/},
	howpublished = {https://www.ne.ncsu.edu/prag/},
}
@article{Ibanez2010Hybrid,
	author = {Ib{\' a}{\~ n}ez-Llano, Cristina and Rauzy, Antoine and Mel{\' e}ndez, Enrique and Nieto, Francisco},
	journal = {Reliability Engineering \& System Safety},
	doi = {10.1016/j.ress.2010.04.016},
	issn = {09518320},
	number = {10},
	year = {2010},
	month = {10},
	pages = {1076--1092},
	title = {Hybrid approach for the assessment of {PSA} models by means of binary decision diagrams},
	volume = {95},
}
@article{Andrews2000Event,
	author = {Andrews, J.D. and Dunnett, S.J.},
	journal = {IEEE Transactions on Reliability},
	doi = {10.1109/24.877343},
	issn = {00189529},
	number = {2},
	year = {2000},
	month = {6},
	pages = {230--238},
	title = {Event-tree analysis using binary decision diagrams},
	volume = {49},
}
@article{Ma2014Event,
	author = {Ma, Zhegang and Schroeder, John},
	journal = {Transactions of the American Nuclear Society},
	year = {2014},
	title = {Event {Tree} {Success} {Branch} {Modeling} {Approaches} in {SAPHIRE}/{SPAR}},
	volume = {110},
}
@article{Jung2015method,
	author = {Jung, Woo Sik},
	journal = {Reliability Engineering \& System Safety},
	doi = {10.1016/j.ress.2014.10.019},
	issn = {09518320},
	year = {2015},
	month = {2},
	pages = {134--142},
	title = {A method to improve cutset probability calculation in probabilistic safety assessment of nuclear power plants},
	volume = {134},
}
@article{Dutuit2014Importance,
	author = {Dutuit, Yves and Rauzy, Antoine},
	journal = {Proceedings of the Institution of Mechanical Engineers, Part O: Journal of Risk and Reliability},
	doi = {10.1177/1748006X13512296},
	issn = {1748-006X, 1748-0078},
	number = {3},
	year = {2014},
	month = {6},
	pages = {313--323},
	title = {Importance factors of coherent systems: A review},
	volume = {228},
}
@article{Nusbaumer2013Fault,
	author = {Nusbaumer, Olivier and Rauzy, Antoine},
	journal = {Proceedings of the Institution of Mechanical Engineers, Part O: Journal of Risk and Reliability},
	doi = {10.1177/1748006X13490260},
	issn = {1748-006X, 1748-0078},
	number = {3},
	year = {2013},
	month = {6},
	pages = {315--326},
	title = {Fault tree linking versus event tree linking approaches: a reasoned comparison},
	volume = {227},
}
@article{Rasmuson1992comparison,
	author = {Rasmuson, Dale M.},
	journal = {Reliability Engineering \& System Safety},
	doi = {10.1016/0951-8320(92)90062-P},
	issn = {09518320},
	number = {1},
	year = {1992},
	month = {1},
	pages = {79--90},
	title = {A comparison of the small and large event tree approaches used in {PRAs}},
	volume = {37},
}
@article{Choi2021review,
	author = {Choi, Eujeong and Ha, Jeong-Gon and Hahm, Deagi and Kim, Min Kyu},
	journal = {International Journal of Disaster Risk Reduction},
	doi = {10.1016/j.ijdrr.2020.101933},
	issn = {22124209},
	year = {2021},
	month = {2},
	pages = {101933},
	title = {A review of multihazard risk assessment: Progress, potential, and challenges in the application to nuclear power plants},
	volume = {53},
}
@misc{Great,
	note = {[Online; accessed 2021-06-06]},
	title = {Great {East} {Japan} {Earthquake}},
	url = {https://www.who.int/westernpacific/emergencies/great-east-japan-earthquake},
	howpublished = {https://www.who.int/westernpacific/emergencies/great-east-japan-earthquake},
}
@misc{International,
	note = {[Online; accessed 2021-06-11]},
	title = {International {Nuclear} and {Radiological} {Event} {Scale} ({INES}) \textbar{} {IAEA}},
	url = {https://www.iaea.org/resources/databases/international-nuclear-and-radiological-event-scale},
	howpublished = {https://www.iaea.org/resources/databases/international-nuclear-and-radiological-event-scale},
}
@article{Wang2020review,
	author = {Wang, Jiajun and He, Zhichao and Weng, Wenguo},
	journal = {Natural Hazards},
	doi = {10.1007/s11069-020-04259-3},
	issn = {0921-030X, 1573-0840},
	number = {3},
	year = {2020},
	month = {12},
	pages = {2003--2026},
	title = {A review of the research into the relations between hazards in multi-hazard risk analysis},
	volume = {104},
}
@article{Kappes2012Challenges,
	author = {Kappes, Melanie S. and Keiler, Margreth and von Elverfeldt, Kirsten and Glade, Thomas},
	journal = {Natural Hazards},
	doi = {10.1007/s11069-012-0294-2},
	issn = {0921-030X, 1573-0840},
	number = {2},
	year = {2012},
	month = {11},
	pages = {1925--1958},
	title = {Challenges of analyzing multi-hazard risk: a review},
	volume = {64},
}
@article{Kim2019PRELIMINARY,
	author = {Kim, Jung Han and Kim, Min Kyu and Choi, In-Kil},
	year = {2019},
	pages = {6},
	title = {PRELIMINARY {STUDY} {ON} {THE} {QUANTIFICATION} {OF} {COMPONENT} {LEVEL} {FAILURE} {FREQUENCY} {BY} {MULTI}-{HAZARD}},
}
@article{Yu2015Large,
	author = {Yu, Yu and Lv, Xuefeng and Niu, Fenglei},
	journal = {Annals of Nuclear Energy},
	doi = {10.1016/j.anucene.2014.11.013},
	issn = {03064549},
	year = {2015},
	month = {3},
	pages = {142--147},
	title = {Large {LOCA} accident analysis for {AP1000} under earthquake},
	volume = {77},
}
@inproceedings{Prosek2017Methodology,
	note = {[Online; accessed 2021-06-15]},
	address = {High Tatras Mountains, Tatransk{\' e} Matliare, Slovak Republic},
	author = {Pro{\v s}ek, A and Wielenberg, A and L{\" o}ffler, H and Raimond, E},
	booktitle = {Safety and {Reliability} -- {Theory} and {Applications}},
	doi = {10.1201/9781315210469-421},
	isbn = {978-1-138-62937-0},
	year = {2017},
	month = {6},
	pages = {490--490},
	organization = {CRC Press},
	title = {Methodology for selecting initiating events and hazards for consideration in an extended {PSA}},
	url = {http://www.crcnetbase.com/doi/10.1201/9781315210469-421},
}
@techreport{Daniell2019Review,
	author = {Daniell, James and Schaefer, Andreas and Wenzel, Friedemann and Hacker, Eric},
	year = {2019},
	month = {apr 25},
	number = {2810899},
	pages = {252},
	title = {Review of state-of-the art for hazard and multi-hazard characterisation},
}
@misc{Home,
	note = {[Online; accessed 2021-07-23]},
	title = {Home \textbar{} {NARSIS}},
	url = {http://www.narsis.eu/},
	howpublished = {http://www.narsis.eu/},
}
@article{Kwag2018Development,
	author = {Kwag, Shinyoung and Hahm, Daegi},
	journal = {Nuclear Engineering and Technology},
	doi = {10.1016/j.net.2018.07.016},
	issn = {17385733},
	number = {8},
	year = {2018},
	month = {12},
	pages = {1372--1386},
	title = {Development of an earthquake-induced landslide risk assessment approach for nuclear power plants},
	volume = {50},
}
@article{Kwag2017Probabilistic,
	author = {Kwag, Shinyoung and Gupta, Abhinav},
	journal = {Nuclear Engineering and Design},
	doi = {10.1016/j.nucengdes.2017.02.009},
	issn = {00295493},
	year = {2017},
	month = {4},
	pages = {20--34},
	title = {Probabilistic risk assessment framework for structural systems under multiple hazards using {Bayesian} statistics},
	volume = {315},
}
@article{Li2009Ranking,
	author = {Li, Hua and Apostolakis, George E. and Gifun, Joseph and VanSchalkwyk, William and Leite, Susan and Barber, David},
	journal = {Risk Analysis},
	doi = {10.1111/j.1539-6924.2008.01164.x},
	issn = {02724332, 15396924},
	number = {3},
	year = {2009},
	month = {3},
	pages = {438--456},
	title = {Ranking the {Risks} from {Multiple} {Hazards} in a {Small} {Community}},
	volume = {29},
}
@inproceedings{Cooper2013What,
	address = {Columbia, SC},
	author = {Cooper, Susan E. and Xing, Jing and Chang, Y. James},
	year = {2013},
	month = {sep 22},
	organization = {American Nuclear Society},
	title = {What {HRA} needs to support site-wide, multi-hazard {Level} 2-{PRA}},
}
@inproceedings{Hasselbring2021Benchmarking,
	note = {[Online; accessed 2022-03-17]},
	address = {Trondheim Norway},
	author = {Hasselbring, Wilhelm},
	booktitle = {Evaluation and {Assessment} in {Software} {Engineering}},
	doi = {10.1145/3463274.3463361},
	isbn = {978-1-4503-9053-8},
	year = {2021},
	month = {jun 21},
	pages = {365--372},
	organization = {ACM},
	title = {Benchmarking as {Empirical} {Standard} in {Software} {Engineering} {Research}},
	url = {https://dl.acm.org/doi/10.1145/3463274.3463361},
}
@misc{2024sosy,
	year = {2024},
	month = {jan 22},
	note = {original-date: 2015-02-13T13:55:15Z},
	publisher = {SoSy-Lab},
	title = {sosy-lab/benchexec},
	type = {Python},
	url = {https://github.com/sosy-lab/benchexec},
}
@article{Beyer2019Reliable,
	author = {Beyer, Dirk and L{\" o}we, Stefan and Wendler, Philipp},
	journal = {International Journal on Software Tools for Technology Transfer},
	doi = {10.1007/s10009-017-0469-y},
	issn = {1433-2779, 1433-2787},
	number = {1},
	year = {2019},
	month = {feb 6},
	pages = {1--29},
	title = {Reliable benchmarking: requirements and solutions},
	volume = {21},
}
@misc{Robey,
	title = {Robey and {Zamora} - {Parallel} and {High} {Performance} {Computing}.pdf},
}
@misc{IntelVTune,
	note = {[Online; accessed 2023-01-31]},
	title = {Intel\textregistered{} {VTuneTM} {Profiler}},
	url = {https://www.intel.com/content/www/us/en/develop/documentation/vtune-help/top.html},
	howpublished = {https://www.intel.com/content/www/us/en/develop/documentation/vtune-help/top.html},
}
@inproceedings{Farag2023Preliminary,
	address = {Knoxville, TN},
	author = {Farag, Asmaa S and Aras, Egemen M and Earthperson, Arjun and Wood, S Ted and Boyce, Jordan},
	booktitle = {18th {International} {Probabilistic} {Safety} {Assessment} and {Analysis} ({PSA} 2023)},
	year = {2023},
	pages = {40--49},
	organization = {American Nuclear Society},
	title = {Preliminary {Benchmarking} of {SAPHSOLVE}, {XFTA}, and {SCRAM} using {Synthetically} {Generated} {Fault} {Trees} with {Common} {Cause} {Failures}},
}
@misc{Aras2024SyntheticOpenPSA,
	author = {Aras, Egemen and Earthperson, Arjun and Diaconeasa, Mihai},
	year = {2024},
	month = {10},
	note = {DOI: 10.5281/zenodo.13996371},
	publisher = {Zenodo},
	title = {Synthetic {Open}-{PSA} {Models}},
	url = {https://doi.org/10.5281/zenodo.13996371},
}
@misc{2014RELAX,
	note = {[Online; accessed 2025-04-07]},
	year = {2014},
	month = {feb 25},
	title = {RELAX {NG} home page},
	url = {https://relaxng.org/},
	howpublished = {https://relaxng.org/},
}
@misc{IntelCorei7,
	note = {[Online; accessed 2024-01-17]},
	title = {Intel\textregistered{} {CoreTM} i7-8700 {Processor}},
	url = {https://www.intel.com/content/www/us/en/products/sku/126686/intel-core-i78700-processor-12m-cache-up-to-4-60-ghz/specifications.html},
	howpublished = {https://www.intel.com/content/www/us/en/products/sku/126686/intel-core-i78700-processor-12m-cache-up-to-4-60-ghz/specifications.html},
}
@misc{anders_melander,
	note = {[Online; accessed 2023-08-18]},
	title = {anders\textunderscore{}melander / map2pdb --- {Bitbucket}},
	url = {https://bitbucket.org/anders_melander/map2pdb/src/master/},
	howpublished = {https://bitbucket.org/anders\textunderscore{}melander/map2pdb/src/master/},
}
@misc{TypeScript,
	note = {[Online; accessed 2023-06-23]},
	title = {TypeScript: JavaScript {With} {Syntax} {For} {Types}.},
	url = {https://www.typescriptlang.org/},
	howpublished = {https://www.typescriptlang.org/},
}
@misc{2024Introduction,
	note = {[Online; accessed 2024-09-25]},
	year = {2024},
	month = {aug 15},
	title = {Introduction to {GraphQL} \textbar{} {GraphQL}},
	url = {https://graphql.org/learn/},
	howpublished = {https://graphql.org/learn/},
}
@misc{RabbitMQ,
	note = {[Online; accessed 2024-09-25]},
	title = {RabbitMQ {Documentation} \textbar{} {RabbitMQ}},
	url = {https://www.rabbitmq.com/docs},
	howpublished = {https://www.rabbitmq.com/docs},
}
@misc{Getting,
	note = {[Online; accessed 2024-09-25]},
	title = {Getting {Started} \textbar{} {Axios} {Docs}},
	url = {https://axios-http.com/docs/intro},
	howpublished = {https://axios-http.com/docs/intro},
}
@misc{auth0JWT,
	note = {[Online; accessed 2024-09-25]},
	author = {{auth0.com}},
	title = {JWT.{IO} - {JSON} {Web} {Tokens} {Introduction}},
	url = {http://jwt.io/},
	howpublished = {http://jwt.io/},
}
@inproceedings{Knudsen2019SAPHIRE,
	address = {Charleston, South Carolina, USA},
	author = {Knudsen, James and Wood, S. Ted and Smith, Curtis},
	year = {2019},
	month = {may 28},
	note = {event-title: International Topical Meeting on Probabilistic Safety Assessment and Analysis},
	title = {SAPHIRE's {Current} "{State} of {Practice}" to {Meet} {PRA} {Demans}},
	volume = {2/2},
}
@misc{saphire_manual,
	note = {[Online; accessed 2023-02-09]},
	year = {2014},
	month = {7},
	title = {SAPHIRE 8.0.9: Systems {Analysis} {Programs} for {Hands}-{On} {Integrated} {Reliability} {Evaluations}},
	url = {https://rsicc.ornl.gov/codes/psr/psr6/psr-608.html},
	howpublished = {https://rsicc.ornl.gov/codes/psr/psr6/psr-608.html},
}
@misc{ftrex_manual,
	note = {[Online; accessed 2023-07-31]},
	title = {FTREX 2.0 {User} {Manual}},
	url = {https://www.epri.com/research/programs/061177/results/3002018234},
	howpublished = {https://www.epri.com/research/programs/061177/results/3002018234},
}
@inproceedings{Salem2024Evaluating,
	address = {Las Vegas, NV},
	author = {Salem Farag, Asmaa and Wood, S and Earthperson, Arjun and Aras, Egemen and Boyce, Jordan and Diaconeasa, Mihai},
	doi = {doi.org/10.13182/T130-43377},
	year = {2024},
	month = {jun 19},
	organization = {American Nuclear Society},
	title = {Evaluating {PRA} {Tools} for {Accurate} and {Efficient} {Quantifications}: A {Follow}-{Up} {Benchmarking} {Study} {Including} {FTREX}},
}
@inbook{Bryant2018Binary,
	address = {Cham},
	author = {Bryant, Randal E.},
	booktitle = {Handbook of {Model} {Checking}},
	editor = {Clarke, Edmund M. and Henzinger, Thomas A. and Veith, Helmut and Bloem, Roderick},
	isbn = {978-3-319-10574-1},
	year = {2018},
	note = {DOI: 10.1007/978-3-319-10575-8\textunderscore{}7},
	pages = {191--217},
	publisher = {Springer International Publishing},
	title = {Binary {Decision} {Diagrams}},
	url = {http://link.springer.com/10.1007/978-3-319-10575-8_7},
}
@article{Akers1978Binary,
	author = {{Akers}},
	journal = {IEEE Transactions on Computers},
	doi = {10.1109/TC.1978.1675141},
	issn = {1557-9956},
	number = {6},
	year = {1978},
	month = {6},
	note = {event-title: IEEE Transactions on Computers},
	pages = {509--516},
	title = {Binary {Decision} {Diagrams}},
	volume = {C-27},
}
@article{Jung2009ZBDD,
	author = {Jung, Woo Sik},
	journal = {Nuclear Engineering and Design},
	doi = {10.1016/j.nucengdes.2009.05.005},
	issn = {00295493},
	number = {10},
	year = {2009},
	month = {10},
	pages = {2085--2092},
	title = {ZBDD algorithm features for an efficient {Probabilistic} {Safety} {Assessment}},
	volume = {239},
}
@article{Minato2001Zero,
	author = {Minato, Shin-ichi},
	journal = {International Journal on Software Tools for Technology Transfer},
	doi = {10.1007/s100090100038},
	issn = {1433-2779},
	number = {2},
	year = {2001},
	month = {5},
	pages = {156--170},
	title = {Zero-suppressed {BDDs} and their applications},
	volume = {3},
}
@misc{RakhimovSCRAM,
	author = {Rakhimov, Olzhas},
	note = {original-date: 2014-03-21T01:19:49Z},
	title = {SCRAM, https://github.com/rakhimov/scram},
	type = {C++},
	url = {https://github.com/rakhimov/scram},
	howpublished = {https://github.com/rakhimov/scram},
}
@article{Somenzi2009CUDD,
	author = {Somenzi, Fabio},
	journal = {University of Colorado at Boulder},
	year = {2009},
	title = {CUDD: CU decision diagram package-release 2.4. 0},
	volume = {21},
}
@article{Mrena2024TeDDy,
	author = {Mrena, Michal and Kvassay, Miroslav and Zaitseva, Elena},
	journal = {SoftwareX},
	doi = {10.1016/j.softx.2024.101715},
	issn = {23527110},
	year = {2024},
	month = {5},
	pages = {101715},
	title = {TeDDy: Templated decision diagram library},
	volume = {26},
}
@misc{Dijk2016Sylvan,
	address = {Netherlands},
	author = {van Dijk, Tom},
	year = {2016},
	month = {jul 13},
	note = {ISBN: 978-90-365-4160-2
issue: 16-398
collection-title: CTIT Ph.D. thesis series
DOI: 10.3990/1.9789036541602},
	school = {University of Twente},
	title = {Sylvan: multi-core decision diagrams},
	type = {PhD {Thesis} - {Research} {UT}, graduation {UT}},
}
@inproceedings{Milvang1998BDDNOW,
	address = {Berlin, Heidelberg},
	author = {Milvang-Jensen, Kim and Hu, Alan J.},
	booktitle = {Formal {Methods} in {Computer}-{Aided} {Design}},
	doi = {10.1007/3-540-49519-3_32},
	editor = {Gopalakrishnan, Ganesh and Windley, Phillip},
	isbn = {978-3-540-49519-2},
	year = {1998},
	pages = {501--507},
	organization = {Springer},
	title = {BDDNOW: A {Parallel} {BDD} {Package}},
}
@inproceedings{Capogrosso2023HermesBDD,
	author = {Capogrosso, Luigi and Geretti, Luca and Cristani, Marco and Fummi, Franco and Villa, Tiziano},
	booktitle = {26th {International} {Symposium} on {Design} and {Diagnostics} of {Electronic} {Circuits} and {Systems} ({DDECS})},
	doi = {10.1109/ddecs57882.2023.10139480},
	year = {2023},
	title = {HermesBDD: A {Multi}-{Core} and {Multi}-{Platform} {Binary} {Decision} {Diagram} {Package}},
}
@article{Sule2016Implicant,
	author = {Sule, Virendra},
	doi = {10.48550/ARXIV.1611.09590},
	year = {2016},
	note = {version: 3},
	publisher = {arXiv},
	title = {Implicant based parallel all solution solver for {Boolean} satisfiability},
	url = {https://arxiv.org/abs/1611.09590},
}
@article{Sihombing2018Parallel,
	author = {Sihombing, Fritz and Torbol, Marco},
	journal = {Structural Safety},
	doi = {10.1016/j.strusafe.2017.12.003},
	issn = {01674730},
	year = {2018},
	month = {5},
	pages = {41--53},
	title = {Parallel fault tree analysis for accurate reliability of complex systems},
	volume = {72},
}
@misc{Teixeira2023zettasticks,
	author = {Teixeira, R{\' u}ben},
	year = {2023},
	month = {nov 22},
	note = {original-date: 2020-12-31T16:02:46Z},
	title = {zettasticks/{Bdd}-{Fpga}},
	type = {Verilog},
	url = {https://github.com/zettasticks/Bdd-Fpga},
	howpublished = {https://github.com/zettasticks/Bdd-Fpga},
}
@inproceedings{Friedman1987Finding,
	author = {Friedman, S.J. and Supowit, K.J.},
	booktitle = {24th {ACM}/{IEEE} {Design} {Automation} {Conference}},
	doi = {10.1145/37888.37941},
	year = {1987},
	month = {6},
	note = {ISSN: 0738-100X},
	pages = {348--356},
	title = {Finding the {Optimal} {Variable} {Ordering} for {Binary} {Decision} {Diagrams}},
}
@article{Cappart2022Improving,
	author = {Cappart, Quentin and Bergman, David and Rousseau, Louis-Martin and Pr{\' e}mont-Schwarz, Isabeau and Parjadis, Augustin},
	journal = {INFORMS Journal on Computing},
	doi = {10.1287/ijoc.2022.1194},
	issn = {1091-9856, 1526-5528},
	number = {5},
	year = {2022},
	month = {9},
	pages = {2552--2570},
	title = {Improving {Variable} {Orderings} of {Approximate} {Decision} {Diagrams} {Using} {Reinforcement} {Learning}},
	volume = {34},
}
@article{Kubo2023Application,
	author = {Kubo, Kotaro and Tanaka, Yoichi and Hakuta, Yuto and Arake, Daisuke and Uchiyama, Tomoaki and Muramatsu, Ken},
	journal = {Mechanical Engineering Journal},
	doi = {10.1299/mej.23-00051},
	issn = {2187-9745},
	number = {4},
	year = {2023},
	pages = {23--00051-23-00051},
	title = {Application of quasi-{Monte} {Carlo} and importance sampling to {Monte} {Carlo}-based fault tree quantification for seismic probabilistic risk assessment of nuclear power plants},
	volume = {10},
}
@inbook{Steinbach2022Concepts,
	address = {Cham},
	author = {Steinbach, Bernd and Posthoff, Christian},
	booktitle = {Logic {Functions} and {Equations}: Fundamentals and {Applications} using the {XBOOLE}-{Monitor}},
	editor = {Steinbach, Bernd and Posthoff, Christian},
	isbn = {978-3-030-88945-6},
	year = {2022},
	note = {DOI: 10.1007/978-3-030-88945-6\textunderscore{}1},
	pages = {3--12},
	publisher = {Springer International Publishing},
	title = {The {Concepts} of {XBOOLE}},
	url = {https://doi.org/10.1007/978-3-030-88945-6_1},
}
@inbook{Steinbach2015Alternative,
	address = {Cham},
	author = {Steinbach, Bernd and Werner, Matthias},
	booktitle = {Computational {Intelligence} and {Efficiency} in {Engineering} {Systems}},
	editor = {Borowik, Grzegorz and Chaczko, Zenon and Jacak, Witold and \L{}uba, Tadeusz},
	isbn = {978-3-319-15720-7},
	year = {2015},
	note = {DOI: 10.1007/978-3-319-15720-7\textunderscore{}2},
	pages = {17--31},
	publisher = {Springer International Publishing},
	title = {Alternative {Approaches} for {Fast} {Boolean} {Calculations} {Using} the {GPU}},
	url = {https://doi.org/10.1007/978-3-319-15720-7_2},
}
@article{Steinbach2018Compact,
	author = {Steinbach, Bernd and Posthoff, Christian},
	journal = {Facta universitatis - series: Electronics and Energetics},
	doi = {10.2298/FUEE1802223S},
	issn = {0353-3670, 2217-5997},
	number = {2},
	year = {2018},
	pages = {223--240},
	title = {Compact {XOR}-bi-decomposition for lattices of {Boolean} functions},
	volume = {31},
}
@inproceedings{Alpay2020SYCL,
	note = {[Online; accessed 2025-01-16]},
	address = {Munich Germany},
	author = {Alpay, Aksel and Heuveline, Vincent},
	booktitle = {Proceedings of the {International} {Workshop} on {OpenCL}},
	doi = {10.1145/3388333.3388658},
	isbn = {978-1-4503-7531-3},
	year = {2020},
	month = {apr 27},
	pages = {1--1},
	organization = {ACM},
	title = {SYCL beyond {OpenCL}: The architecture, current state and future direction of {hipSYCL}},
	url = {https://dl.acm.org/doi/10.1145/3388333.3388658},
}
@inproceedings{Alpay2022Exploring,
	note = {[Online; accessed 2025-01-16]},
	address = {Bristol, United Kingdom United Kingdom},
	author = {Alpay, Aksel and Soproni, B{\' a}lint and W{\" u}nsche, Holger and Heuveline, Vincent},
	booktitle = {International {Workshop} on {OpenCL}},
	doi = {10.1145/3529538.3530005},
	isbn = {978-1-4503-9658-5},
	year = {2022},
	month = {may 10},
	pages = {1--12},
	organization = {ACM},
	title = {Exploring the possibility of a {hipSYCL}-based implementation of {oneAPI}},
	url = {https://dl.acm.org/doi/10.1145/3529538.3530005},
}
@inproceedings{Alpay2023One,
	note = {[Online; accessed 2025-02-12]},
	address = {Cambridge United Kingdom},
	author = {Alpay, Aksel and Heuveline, Vincent},
	booktitle = {International {Workshop} on {OpenCL}},
	doi = {10.1145/3585341.3585351},
	isbn = {9798400707452},
	year = {2023},
	month = {apr 18},
	pages = {1--12},
	organization = {ACM},
	title = {One {Pass} to {Bind} {Them}: The {First} {Single}-{Pass} {SYCL} {Compiler} with {Unified} {Code} {Representation} {Across} {Backends}},
	url = {https://dl.acm.org/doi/10.1145/3585341.3585351},
}
@inproceedings{Salmon2011Parallel,
	note = {[Online; accessed 2025-01-16]},
	address = {Seattle Washington},
	author = {Salmon, John K. and Moraes, Mark A. and Dror, Ron O. and Shaw, David E.},
	booktitle = {Proceedings of 2011 {International} {Conference} for {High} {Performance} {Computing}, {Networking}, {Storage} and {Analysis}},
	doi = {10.1145/2063384.2063405},
	isbn = {978-1-4503-0771-0},
	year = {2011},
	month = {nov 12},
	pages = {1--12},
	organization = {ACM},
	title = {Parallel random numbers: as easy as 1, 2, 3},
	url = {https://dl.acm.org/doi/10.1145/2063384.2063405},
}
@misc{MongoDB,
	note = {[Online; accessed 2023-06-23]},
	title = {MongoDB: The {Developer} {Data} {Platform} \textbar{} {MongoDB}},
	url = {https://www.mongodb.com/},
	howpublished = {https://www.mongodb.com/},
}
@misc{nginx,
	note = {[Online; accessed 2025-04-08]},
	title = {nginx},
	url = {https://nginx.org/},
	howpublished = {https://nginx.org/},
}
@misc{Swarm,
	note = {[Online; accessed 2025-04-08]},
	title = {Swarm {Mode}},
	url = {https://docs.docker.com/engine/swarm/},
	howpublished = {https://docs.docker.com/engine/swarm/},
}
@misc{Node,
	note = {[Online; accessed 2025-04-08]},
	title = {Node.js v23.11.0 documentation},
	url = {https://nodejs.org/api/addons.html},
	howpublished = {https://nodejs.org/api/addons.html},
}
@misc{2024Typia,
	note = {[Online; accessed 2024-09-25]},
	year = {2024},
	month = {sep 25},
	title = {Typia {Guide} {Documents} - {Index}},
	url = {https://typia.io},
	howpublished = {https://typia.io},
}
@misc{Mongoose,
	note = {[Online; accessed 2024-09-25]},
	title = {Mongoose v8.6.2: Schemas},
	url = {https://mongoosejs.com/docs/guide.html},
	howpublished = {https://mongoosejs.com/docs/guide.html},
}
@techreport{Aras2023Refining2,
	address = {Idaho Falls, ID},
	author = {Aras, Egemen Mutlu and Farag, Asmaa Salem Amin Aly and Wood, Stephen Ted and Boyce, Jordan Thomas},
	year = {2023},
	month = {9},
	number = {INL/RPT-23-75066},
	institution = {Idaho National Laboratory},
	title = {Refining {Processing} {Engines} from {SAPHIRE}},
}
@misc{2024Enhancement,
	note = {[Online; accessed 2024-10-15]},
	year = {2024},
	month = {oct 15},
	title = {Enhancement-of-{PRA}-{Tools} / {Pre}-processing-{Models} / pra-model-pre-processor \textperiodcentered{} {GitLab}},
	url = {https://gitlab.com/enhancement-of-pra-tools/pre-processing-models/pra-model-pre-processor},
	howpublished = {https://gitlab.com/enhancement-of-pra-tools/pre-processing-models/pra-model-pre-processor},
}
@misc{React,
	note = {[Online; accessed 2024-09-25]},
	title = {Quick {Start} -- {React}},
	url = {https://react.dev/learn},
	howpublished = {https://react.dev/learn},
}
@misc{Documentation,
	note = {[Online; accessed 2024-09-25]},
	title = {Documentation \textbar{} {NestJS} - {A} progressive {Node}.js framework},
	url = {https://docs.nestjs.com},
	howpublished = {https://docs.nestjs.com},
}
@misc{Traefik,
	note = {[Online; accessed 2025-01-29]},
	title = {What is {Traefik}},
	url = {https://doc.traefik.io/traefik/},
	howpublished = {https://doc.traefik.io/traefik/},
}
@misc{starting,
	note = {[Online; accessed 2024-09-26]},
	title = {The starting point for learning {TypeScript}},
	url = {https://www.typescriptlang.org/docs/},
	howpublished = {https://www.typescriptlang.org/docs/},
}
@misc{2024Nestia,
	note = {[Online; accessed 2024-09-25]},
	year = {2024},
	month = {sep 23},
	title = {Nestia {Guide} {Documents} - {Index}},
	url = {https://nestia.io},
	howpublished = {https://nestia.io},
}
@misc{2024Getting,
	note = {[Online; accessed 2024-09-25]},
	year = {2024},
	month = {jan 16},
	title = {Getting {Started} \textperiodcentered{} {Jest}},
	url = {https://jestjs.io/docs/getting-started},
	howpublished = {https://jestjs.io/docs/getting-started},
}
@misc{Boost,
	note = {[Online; accessed 2024-09-25]},
	title = {Boost {C}++ {Libraries}},
	url = {https://www.boost.org/},
	howpublished = {https://www.boost.org/},
}
@misc{2024microsoft,
	year = {2024},
	month = {sep 25},
	note = {original-date: 2019-11-15T18:32:42Z},
	publisher = {Microsoft},
	title = {microsoft/playwright},
	type = {TypeScript},
	url = {https://github.com/microsoft/playwright},
}
@misc{2024supertest,
	note = {[Online; accessed 2024-09-25]},
	year = {2024},
	month = {apr 24},
	title = {supertest},
	url = {https://www.npmjs.com/package/supertest},
	howpublished = {https://www.npmjs.com/package/supertest},
}
@misc{Delphi,
	note = {[Online; accessed 2023-12-19]},
	title = {Delphi {Language} {Reference} - {RAD} {Studio}},
	url = {https://docwiki.embarcadero.com/RADStudio/Athens/en/Delphi_Language_Reference},
	howpublished = {https://docwiki.embarcadero.com/RADStudio/Athens/en/Delphi\textunderscore{}Language\textunderscore{}Reference},
}
@article{Smith1996SAPHIRE,
	author = {Smith, Curtis L. and Fowler, Richard D.},
	journal = {Reliability Engineering \& System Safety},
	doi = {10.1016/S0951-8320(96)00106-8},
	issn = {09518320},
	number = {1},
	year = {1996},
	month = {10},
	pages = {47--52},
	title = {SAPHIRE \textquoteleft{}{Recover} {Cut} {Sets}\textquoteright{} editor: a technique for automating the manipulation of {PRA} cut sets},
	volume = {54},
}
@techreport{2011NUREG,
	year = {2011},
	pages = {206},
	title = {NUREG/{CR}-7039, {Vol}. 3, "{Systems} {Analysis} {Programs} for {Hands}-on {Integrated} {Reliability} {Evaluations} ({SAPHIRE}) {Version} 8, {Volume} 3: User's {Guide}."},
}
@techreport{Smith2021Generic,
	author = {Smith, Curtis},
	year = {2021},
	month = {apr 20},
	note = {DOI: 10.2172/1804754},
	number = {INL/EXT-21-62553-Rev000, 1804754},
	pages = {INL/EXT--21-62553-Rev000, 1804754},
	title = {Generic {Pressurized} {Water} {Reactor} {Model} for {SAPHIRE}},
	url = {https://www.osti.gov/servlets/purl/1804754/},
	howpublished = {https://www.osti.gov/servlets/purl/1804754/},
}
@misc{Project,
	note = {[Online; accessed 2024-09-25]},
	title = {Project description and objectives \textbar{} {NARSIS}},
	url = {http://www.narsis.eu/page/project-description-and-objectives},
	howpublished = {http://www.narsis.eu/page/project-description-and-objectives},
}
@techreport{Szilard2014RISMC,
	author = {Szilard, Ronaldo H. and Smith, Curtis L. and Youngblood, Robert},
	year = {2014},
	month = {sep 1},
	note = {DOI: 10.2172/1168645},
	number = {INL/EXT-14-33186, 1168645},
	pages = {INL/EXT--14-33186, 1168645},
	title = {RISMC {Advanced} {Safety} {Analysis} {Project} {Plan} -- {FY} 2015 - {FY} 2019},
	url = {http://www.osti.gov/servlets/purl/1168645/},
	howpublished = {http://www.osti.gov/servlets/purl/1168645/},
}
@techreport{Parisi2017Risk,
	author = {Parisi, Carlo and Prescott, Steve and Ma, Zhegang and Spears, Bob and Szilard, Ronaldo and Coleman, Justin and Kosbab, Ben},
	year = {2017},
	month = {jul 26},
	note = {DOI: 10.2172/1376899},
	number = {INL/EXT-17-42666, 1376899},
	pages = {INL/EXT--17-42666, 1376899},
	title = {Risk-{Informed} {External} {Hazards} {Analysis} for {Seismic} and {Flooding} {Phenomena} for a {Generic} {PWR}},
	url = {http://www.osti.gov/servlets/purl/1376899/},
	howpublished = {http://www.osti.gov/servlets/purl/1376899/},
}
@inproceedings{Batikh2024OpenMHA,
	note = {[Online; accessed 2024-09-27]},
	address = {Las Vegas, NV},
	author = {Batikh, Akram and Diaconeasa, Mihai},
	booktitle = {Advanced {Reactor} {Safety} ({ARS})},
	doi = {10.13182/T130-43381},
	isbn = {978-0-89448-215-1},
	year = {2024},
	pages = {562--572},
	organization = {American Nuclear Society},
	title = {OpenMHA: Open-{Source} {Code} for {Creating} {Multi}-{Hazards} {Logic} and {Area} {PRA} {Models} {Considering} {Aging} of {SSCs}},
	url = {https://www.ans.org/pubs/proceedings/article-56466/},
}
@inproceedings{Dhulipala2023Preliminary,
	address = {Knoxville, TN},
	author = {Dhulipala, Somayajulu L N and Dahal, Albert and Spencer, Benjamin W and Jain, Amit and Batikh, Akram S and Diaconeasa, Mihai A},
	year = {2023},
	month = {7},
	title = {Preliminary {Nuclear} {Containment} {Vessel} {Modeling} for {Multi}-{Hazard} {Probabilistic} {Risk} {Assessment} under {Seismic} {Hazards} and {Concrete} {Degradation}},
}
@inproceedings{Batikh2023Time,
	address = {Knoxville, TN},
	author = {Batikh, Akram S and Dhulipala, Somayajulu L N and Spencer, Benjamin W and Dahal, Albert and Diaconeasa, Mihai A},
	year = {2023},
	month = {7},
	title = {Time-{Dependent} {Fragility} {Curves} for {SSCs}: Incorporating {Seismic} {Aftershocks} in {Multi}-{Hazard} {PRA}},
}
@inproceedings{Batikh2023Integrating,
	address = {Knoxville, TN},
	author = {Batikh, Akram S and Dhulipala, Somayajulu L N and Spencer, Benjamin W and Dahal, Albert and Diaconeasa, Mihai A.},
	year = {2023},
	month = {7},
	title = {Integrating {Seismic} {Fragility} of {ASR}-{Affected} {Nuclear} {Containment} {Vessel} in a {Level}-{II} {SPRA} in {Support} of {Multi}-{Hazard} {Risk} {Assessment}},
}
@article{SherryNRCs,
	author = {Sherry, Richard R and Appignani, Peter L and Buell, Robert F},
	pages = {11},
	title = {The {NRC}\textquoteright{}s {SPAR} {Models}: Current {Status}, {Future} {Development}, and {Modeling} {Issues}},
}
@misc{SAPHIRE,
	note = {[Online; accessed 2022-08-09]},
	title = {SAPHIRE \textbar{} {Training} {Info}},
	url = {https://saphire.inl.gov/#/},
	howpublished = {https://saphire.inl.gov/\#/},
}
@article{Ayoub2022Generic,
	author = {Ayoub, Ali and Kr{\" o}ger, Wolfgang and Sornette, Didier},
	journal = {Nuclear Engineering and Technology},
	doi = {10.1016/j.net.2022.03.013},
	issn = {17385733},
	number = {8},
	year = {2022},
	month = {8},
	pages = {2924--2932},
	title = {Generic and adaptive probabilistic safety assessment models: Precursor analysis and multi-purpose utilization},
	volume = {54},
}
@article{Melendez2021Standardized,
	author = {Mel{\' e}ndez, Enrique},
	journal = {Uncertainty Quantification},
	year = {2021},
	title = {Standardized {Probabilistic} {Safety} {Assessment} {Models}: Status and {First} {Results} of {SPAR}-{CSN} {Project}},
}
@techreport{Branham1992Models,
	author = {Branham-Haar, K.A. and Dinneen, R.A. and Russell, K.D. and Skinner, N.L.},
	year = {1992},
	month = {may 1},
	note = {DOI: 10.2172/5299087},
	number = {NUREG/CR-5301, EGG--2627, 5299087},
	pages = {NUREG/CR--5301, EGG--2627, 5299087},
	title = {Models and {Results} {Database} ({MAR}-{D}), {Version} 4. 0},
	url = {http://www.osti.gov/servlets/purl/5299087/},
	howpublished = {http://www.osti.gov/servlets/purl/5299087/},
}
@misc{Aras2024Generic,
	author = {Aras, Egemen and Earthperson, Arjun and Diaconeasa, Mihai},
	year = {2024},
	month = {10},
	note = {DOI: 10.5281/zenodo.13996960},
	publisher = {Zenodo},
	title = {Generic {Pressurized} {Water} {Reactor} ({PWR}) {SAPHSOLVE} {Model}},
	url = {https://doi.org/10.5281/zenodo.13996960},
}
@techreport{NUREG,
	pages = {132},
	title = {NUREG/{CR}-7039, {Vol}. 7, "{Systems} {Analysis} {Programs} for {Hands}-on {Integrated} {Reliability} {Evaluations} ({SAPHIRE}) {Version} 8 {Volume} 7: Data {Loading}."},
}
@techreport{NUREG5485,
	address = {College Park, MD},
	title = {Guidelines on {Modeling} {Common}-{Cause} {Failures} in {PRA}},
	url = {https://nrcoe.inl.gov/publicdocs/CCF/NUREGCR-5485_Guidelines%20on%20Modeling%20Common-Cause%20Failures%20in%20PRA.pdf},
	number = {NUREG/CR-5485},
	institution = {NRC},
	author = {Mosleh, Ali and Rasmussen, DM and Marshall, FM},
	year = {1998},
	pages = {212},
}
@article{rasmuson_kelly_2008,
	title = {Common-cause failure analysis in event assessment},
	volume = {222},
	copyright = {https://journals.sagepub.com/page/policies/text-and-data-mining-license},
	issn = {1748-006X, 1748-0078},
	url = {https://journals.sagepub.com/doi/10.1243/1748006XJRR121},
	doi = {10.1243/1748006XJRR121},
	language = {en},
	number = {4},
	urldate = {2025-05-02},
	journal = {Proceedings of the Institution of Mechanical Engineers, Part O: Journal of Risk and Reliability},
	author = {Rasmuson, D M and Kelly, D L},
	month = dec,
	year = {2008},
	pages = {521--532},
}
@inproceedings{jones_2012,
	address = {San Diego, California},
	title = {Common {Cause} {Failures} and {Ultra} {Reliability}},
	isbn = {978-1-60086-934-1},
	url = {https://arc.aiaa.org/doi/10.2514/6.2012-3602},
	doi = {10.2514/6.2012-3602},
	language = {en},
	urldate = {2025-05-02},
	booktitle = {42nd {International} {Conference} on {Environmental} {Systems}},
	publisher = {American Institute of Aeronautics and Astronautics},
	author = {Jones, Harry},
	month = jul,
	year = {2012},
}
@misc{ICDE,
	title = {International {Common}-cause {Failure} {Data} {Exchange} ({ICDE}) {Project}},
	url = {https://www.oecd-nea.org/jcms/pl_25090/international-common-cause-failure-data-exchange-icde-project},
	urldate = {2025-04-02},
	author = {Nuclear Energy Agency},
}
@techreport{ma_ccf_2022,
	title = {{CCF} {Parameter} {Estimations}, 2020 {Update}},
	language = {en},
	number = {INL/EXT-21-62940},
	institution = {U.S. NRC},
	author = {Ma, Zhegang and Kvarfordt, Kellie J},
	month = aug,
	year = {2022},
}
@inproceedings{riska2,
	note = {[Online; accessed 2022-03-15]},
	address = {Chengdu, China},
	author = {Wang, Jin and Hu, Liqin and Chen, Shanqi and Wang, Fang and Wu, Yican and Li, Yanzhou and Jia, Wei},
	booktitle = {2013 {International} {Conference} on {Quality}, {Reliability}, {Risk}, {Maintenance}, and {Safety} {Engineering} ({QR2MSE})},
	doi = {10.1109/QR2MSE.2013.6625529},
	isbn = {978-1-4799-1016-8},
	year = {2013},
	month = {7},
	pages = {32--35},
	organization = {IEEE},
	title = {Verification of {RiskA} calculation engine based on {Open}-{PSA} platform},
	url = {http://ieeexplore.ieee.org/document/6625529/},
}
@article{RochonConversion,
	author = {Rochon, Chris and Trull, Carroll and Remlinger, Donald and Labarge, N Reed},
	pages = {9},
	title = {Conversion of {Risk} {Model} from {RiskSpectrum} to {CAFTA}},
}
@article{EpsteinValidation,
	author = {Epstein, Steven and Reinhart, F Mark and Rauzy, Antoine},
	pages = {5},
	title = {Validation {Project} for the {Open}-{PSA} {Model} {Exchange} using {RiskSpectrum}\textregistered{} and {CAFTA}\textregistered{}},
}
@inproceedings{Hamza2023Model,
	address = {Knoxville, TN},
	author = {Hamza, Mostafa and Tezbasaran, Alp and Aras, Egemen and Farag, Asmaa S and Diaconeasa, Mihai A},
	year = {2023},
	month = {7},
	title = {Model {Exchange} {Methodology} {Between} {Probabilistic} {Risk} {Assessment} {Tools}: SAPHIRE and {CAFTA} {Case} {Study}},
}
@misc{MongoDBAtlas,
	note = {[Online; accessed 2024-12-12]},
	title = {What is {MongoDB} {Atlas}? - {MongoDB} {Atlas}},
	url = {https://www.mongodb.com/docs/atlas/},
	howpublished = {https://www.mongodb.com/docs/atlas/},
}
@misc{Use,
	note = {[Online; accessed 2024-09-26]},
	title = {Use {JSDoc}: Getting {Started} with {JSDoc} 3},
	url = {https://jsdoc.app/about-getting-started},
	howpublished = {https://jsdoc.app/about-getting-started},
}
@misc{TSDoc,
	note = {[Online; accessed 2024-09-26]},
	title = {What is {TSDoc}? \textbar{} {TSDoc}},
	url = {https://tsdoc.org/},
	howpublished = {https://tsdoc.org/},
}
@misc{Doxygen,
	note = {[Online; accessed 2024-09-26]},
	title = {Doxygen: Overview},
	url = {https://www.doxygen.nl/manual/index.html},
	howpublished = {https://www.doxygen.nl/manual/index.html},
}
@misc{Overview,
	note = {[Online; accessed 2024-09-26]},
	title = {Overview},
	url = {https://typedoc.org/guides/overview/},
	howpublished = {https://typedoc.org/guides/overview/},
}
@misc{Compodoc,
	note = {[Online; accessed 2024-09-26]},
	title = {Compodoc - {The} missing documentation tool for your {Angular} application},
	url = {https://compodoc.app/guides/getting-started.html},
	howpublished = {https://compodoc.app/guides/getting-started.html},
}
@misc{What,
	note = {[Online; accessed 2024-09-26]},
	title = {What {Is} {OpenAPI}?},
	url = {https://swagger.io/docs/specification/v3_0/about/},
	howpublished = {https://swagger.io/docs/specification/v3\textunderscore{}0/about/},
}
@article{Dutuit2005Approximate,
	author = {Dutuit, Y. and Rauzy, A.},
	journal = {Reliability Engineering \& System Safety},
	doi = {10.1016/j.ress.2004.02.008},
	issn = {09518320},
	number = {2},
	year = {2005},
	month = {2},
	pages = {163--172},
	title = {Approximate estimation of system reliability via fault trees},
	volume = {87},
}


@article{darwiche_knowledge_2002,
	title = {A {Knowledge} {Compilation} {Map}},
	volume = {17},
	issn = {1076-9757},
	url = {https://jair.org/index.php/jair/article/view/10311},
	doi = {10.1613/jair.989},
	urldate = {2025-05-07},
	journal = {Journal of Artificial Intelligence Research},
	author = {Darwiche, A. and Marquis, P.},
	month = sep,
	year = {2002},
	pages = {229--264},
}


@misc{boutilier_context-specific_2013,
	title = {Context-{Specific} {Independence} in {Bayesian} {Networks}},
	copyright = {arXiv.org perpetual, non-exclusive license},
	url = {https://arxiv.org/abs/1302.3562},
	doi = {10.48550/ARXIV.1302.3562},
	urldate = {2025-05-14},
	publisher = {arXiv},
	author = {Boutilier, Craig and Friedman, Nir and Goldszmidt, Moises and Koller, Daphne},
	year = {2013},
	note = {Version Number: 1},
	keywords = {Artificial Intelligence (cs.AI), FOS: Computer and information sciences},
}
